@ARTICLE{Zhang:TimeDecay,
	AUTHOR = "Jia-Dong Zhang, Jin Xu, and Stephen Shaoyi Liao",
	TITLE = "Aggregating and Sampling Methods for Processing GPS Data Streams for Traffic State Estimation",
	JOURNAL = "IEEE Transactions on Intelligent Transportation Systems",
	VOLUME = {14},
	NUMBER = {4},
	PAGES = {1629-1641},
	MONTH = "December",
	YEAR = {2013}	}





